@article{Kok2017,
 author = {Kok, Manon and Hol, Jeroen D. and Sch\"{o}n, Thomas B.},
 title = {{Using Inertial Sensors for Position and Orientation Estimation}},
 journal = {Found. Trends Signal Process.},
 issue_date = {15 11 2017},
 volume = {11},
 number = {1-2},
 month = nov,
 year = {2017},
 issn = {1932-8346},
 pages = {1--153},
 numpages = {153},
 url = {https://arxiv.org/pdf/1704.06053.pdf},
 doi = {10.1561/2000000094},
 acmid = {3193179},
 publisher = {Now Publishers Inc.},
 address = {Hanover, MA, USA},
}

@article{Mahony2008, 
author={R. {Mahony} and T. {Hamel} and J. {Pflimlin}}, 
journal={IEEE Transactions on Automatic Control}, 
title={{Nonlinear Complementary Filters on the Special Orthogonal Group}}, 
year={2008}, 
volume={53}, 
number={5}, 
pages={1203-1218}, 
doi={10.1109/TAC.2008.923738}, 
ISSN={0018-9286}, 
month={June}
}